@misc{aheui,
    title = {{Aheui}},
    year = {2012 (accessed April 10, 2017)},
    howpublished = "\url{https://aheui.github.io}"
}

@misc{aheui_projects,
    title = {{Aheui working group - git}},
    year = {2012 (accessed April 10, 2017)},
    howpublished = "\url{https://github.com/aheui}"
}

@misc{avis,
    title = {{AVIS}},
    year = {2014 (accessed April 10, 2017)},
    howpublished = "\url{https://aheui.github.io/avis}"
}

@misc{aheuichem,
    title = {{AheuiChem}},
    year = {2015 (accessed April 10, 2017)},
    howpublished = "\url{http://yoo2001818.github.io/AheuiChem}"
}

@misc{aheuiaheui,
    title = {{aheui.aheui}},
    year = {2015 (accessed April 10, 2017)},
    howpublished = "\url{https://github.com/aheui/aheui.aheui}"
}

@misc{lesk1975lex,
  title={{Lex: A lexical analyzer generator}},
  author={Lesk, Michael E and Schmidt, Eric},
  year={1975}
}

@article{aaby2003compiler,
    title={Compiler construction using flex and bison},
    author={Aaby, Anthony A},
    year={2003}
}

@inproceedings{lattner2004llvm,
  title={LLVM: A compilation framework for lifelong program analysis \& transformation},
  author={Lattner, Chris and Adve, Vikram},
  booktitle={Proceedings of the international symposium on Code generation and optimization: feedback-directed and runtime optimization},
  pages={75},
  year={2004},
  organization={IEEE Computer Society}
}
