@inproceedings{lattner2004llvm,
  title={LLVM: A compilation framework for lifelong program analysis \& transformation},
  author={Lattner, Chris and Adve, Vikram},
  booktitle={Proceedings of the international symposium on Code generation and optimization: feedback-directed and runtime optimization},
  pages={75},
  year={2004},
  organization={IEEE Computer Society}
}
